%% This BibTeX bibliography file was created using BibDesk.
%% http://bibdesk.sourceforge.net/


%% Created for Elena Rokou at 2013-09-13 19:46:17 +0300 


%% Saved with string encoding Unicode (UTF-8) 



@article{1:200,
	Author = {Kirytopoulos, Konstantinos A. and Voulgaridou, Dimitra and Rokou, Elena},
	Issn = {1755-8077},
	Journal = {International Journal of Applied Decision Sciences},
	Number = {1},
	Pages = {34-56},
	Title = {ANP SOLVER: an alternative tool for implementing the ANP method},
	Type = {Journal Article},
	Volume = {4},
	Year = {2011}}

@inproceedings{1:300,
	Author = {Rokou, Elena and Kirytopoulos, Konstantinos and Voulgaridou, Dimitra},
	Booktitle = {DSS},
	Date-Modified = {2013-09-13 16:41:22 +0000},
	Pages = {185-196},
	Title = {Analytic Network Process Algorithm},
	Type = {Conference Proceedings},
	Year = {2012}}
